@techreport{jones1993composing,
    title={Composing monads},
    author={Jones, Mark P and Duponcheel, Luc},
    year={1993},
    institution={Citeseer}
}
