@techreport{Benton:1994,
	Author = {Benton, P. N.},
	Institution = {University of Cambridge Computer Laboratory},
	Number = {UCAM-CL-TR-352},
	Title = {A Mixed Linear and Non-Linear Logic: Proofs, Terms and Models (Preliminary Report)},
	Year = {1994},
        Note = {Accessible online at \url{http://research.microsoft.com/en-us/um/people/nick/mixed3.ps}}}

@article{MELLIES2004202,
title = "Comparing hierarchies of types in models of linear logic",
journal = "Information and Computation",
volume = "189",
number = "2",
pages = "202 - 234",
year = "2004",
note = "",
issn = "0890-5401",
doi = "http://dx.doi.org/10.1016/j.ic.2003.10.003",
author = "Paul-Andr\'e Melli\`es",
}

@article{Lambek1968-LAMTMO-5,
	pages = {627--628},
	title = {The Mathematics of Sentence Structure},
	year = {1968},
	volume = {33},
	author = {Joachim Lambek},
	journal = {Journal of Symbolic Logic},
	number = {4},
	publisher = {Association for Symbolic Logic}
}


@article{Bugliesi:2015:ART:2807424.2743018,
 author = {Bugliesi, Michele and Calzavara, Stefano and Eigner, Fabienne and Maffei, Matteo},
 title = {Affine Refinement Types for Secure Distributed Programming},
 journal = {ACM Trans. Program. Lang. Syst.},
 issue_date = {August 2015},
 volume = {37},
 number = {4},
 month = aug,
 year = {2015},
 issn = {0164-0925},
 pages = {11:1--11:66},
 articleno = {11},
 numpages = {66},
 url = {http://doi.acm.org/10.1145/2743018},
 doi = {10.1145/2743018},
 acmid = {2743018},
 publisher = {ACM},
 address = {New York, NY, USA},
 keywords = {Substructural logics, analysis of security protocols, type systems},
} 
